@article{Chen_2020,
   title={Crowd counting with crowd attention convolutional neural network},
   volume={382},
   ISSN={0925-2312},
   url={http://dx.doi.org/10.1016/j.neucom.2019.11.064},
   DOI={10.1016/j.neucom.2019.11.064},
   journal={Neurocomputing},
   publisher={Elsevier BV},
   author={Chen, Jiwei and Su, Wen and Wang, Zengfu},
   year={2020},
   month=mar, pages={210â€“220} }

@misc{Zhiheng,
      title={Bayesian Loss for Crowd Count Estimation with Point Supervision}, 
      author={Zhiheng Ma and Xing Wei and Xiaopeng Hong and Yihong Gong},
      year={2019},
      eprint={1908.03684},
      archivePrefix={arXiv},
      primaryClass={cs.CV}
}

@article{9321733,
  author={Wan, Jia and Kumar, Nikil Senthil and Chan, Antoni B.},
  journal={IEEE Transactions on Image Processing}, 
  title={Fine-Grained Crowd Counting}, 
  year={2021},
  volume={30},
  number={},
  pages={2114-2126},
  keywords={Task analysis;Estimation;Feature extraction;Image segmentation;Context modeling;Adaptation models;Surveillance;Crowd counting;fine-grained crowd counting},
  doi={10.1109/TIP.2021.3049938}}


@INPROCEEDINGS{4587569,
  author={Chan, Antoni B. and Zhang-Sheng John Liang and Vasconcelos, Nuno},
  booktitle={2008 IEEE Conference on Computer Vision and Pattern Recognition}, 
  title={Privacy preserving crowd monitoring: Counting people without people models or tracking}, 
  year={2008},
  volume={},
  number={},
  pages={1-7},
  keywords={Privacy;Layout;Computer vision;Computerized monitoring;Gaussian processes;Event detection;Object detection;Robustness;Object segmentation;Feature extraction},
  doi={10.1109/CVPR.2008.4587569}}

@misc{bakke,
  howpublished = {\url{https://recwell.wisc.edu/bakke/}},
  title = {Bakke Recreation Center},
  author = {UW-Madison},
}

@misc{waitz,
  author = {OccuspaceInc},
  title ={Waitz uses custom IoT sensors that scan for radio signals (Bluetooth and WiFi) in an area.},
  howpublished = {\url{https://waitz.io/}},
}
@misc{CNN,
  title = {Crowd Counting Benchmarks},
  author = {PapersWithCode},
  howpublished = {\url{https://paperswithcode.com/sota/crowd-counting-on-shanghaitech-b}},
}

@article{Ilyas2022,
	author = {Ilyas, Naveed and Ahmad, Zaheer and Lee, Boreom and Kim, Kiseon},
	date = {2022/04/06},
	date-added = {2024-02-23 22:03:54 -0600},
	date-modified = {2024-02-23 22:03:54 -0600},
	doi = {10.1038/s41598-022-09685-w},
	id = {Ilyas2022},
	isbn = {2045-2322},
	journal = {Scientific Reports},
	number = {1},
	pages = {5795},
	title = {An effective modular approach for crowd counting in an image using convolutional neural networks},
	url = {https://doi.org/10.1038/s41598-022-09685-w},
	volume = {12},
	year = {2022},
	bdsk-url-1 = {https://doi.org/10.1038/s41598-022-09685-w}}

@misc{https://doi.org/10.17632/xh6m6gxhvj.1,
	author = {Khan, Wasiq},
	date-added = {2024-02-23 22:07:55 -0600},
	date-modified = {2024-02-23 22:07:55 -0600},
	doi = {10.17632/XH6M6GXHVJ.1},
	keywords = {Computer Vision, Activity Recognition, Object Detection, Image Database, Video, Testing and Validation, Surveillance, Walking Distance, COVID-19},
	publisher = {Mendeley},
	title = {Video Dataset for COVID-19 Social Distancing and Human Detection Validation},
	url = {https://data.mendeley.com/datasets/xh6m6gxhvj/1},
	year = {2020},
	bdsk-url-1 = {https://data.mendeley.com/datasets/xh6m6gxhvj/1},
	bdsk-url-2 = {https://doi.org/10.17632/XH6M6GXHVJ.1}}

@misc{virat,
    author = {VIRAT},
    title={Database Version 2.0},
    howpublished = {\url{http://www.viratdata.org/}}
}